<?xml version="1.0" encoding="UTF-8"?><collection xmlns="http://www.loc.gov/MARC21/slim"><record><leader>00465nam--2200181-i-4500</leader><controlfield tag="001">000006413</controlfield><controlfield tag="002">20161230</controlfield><controlfield tag="005">20161230201026</controlfield><controlfield tag="008">060222s1000------------r-----000-0-eng-d</controlfield><datafield ind1=" " ind2=" " tag="040"><subfield code="a">IFIN-HH</subfield></datafield><datafield ind1=" " ind2=" " tag="080"><subfield code="a">539</subfield></datafield><datafield ind1="1" ind2=" " tag="100"><subfield code="a">Brown, B</subfield></datafield><datafield ind1="1" ind2="0" tag="245"><subfield code="a">Experimental nucleonics</subfield><subfield code="c">B. brown</subfield></datafield><datafield ind1=" " ind2=" " tag="260"><subfield code="a">London</subfield><subfield code="b">Iliffe Books Ltd</subfield><subfield code="c">1963</subfield></datafield><datafield ind1=" " ind2=" " tag="300"><subfield code="a">245P</subfield></datafield><datafield ind1=" " ind2=" " tag="490"><subfield code="a">Nuclear Reactor Technology Series</subfield></datafield><datafield ind1=" " ind2=" " tag="852"><subfield code="a">19034</subfield><subfield code="c">539.1.07:539.1.08</subfield></datafield><datafield ind1=" " ind2=" " tag="CAT"><subfield code="a">Sys</subfield><subfield code="c">20111018</subfield><subfield code="h">151858</subfield></datafield></record></collection>